<?xml version="1.0" encoding="UTF-8"?><collection xmlns="http://www.loc.gov/MARC21/slim"><record><leader>00415nam--2200133-i-4500</leader><controlfield tag="001">000039913</controlfield><controlfield tag="002">20161230</controlfield><controlfield tag="005">20161230201042</controlfield><controlfield tag="008">060222s1000------------r-----000-0-eng-d</controlfield><datafield ind1=" " ind2=" " tag="080"><subfield code="a">539.14:530.1</subfield></datafield><datafield ind1=" " ind2=" " tag="100"><subfield code="a">Ruhl,W</subfield></datafield><datafield ind1=" " ind2=" " tag="245"><subfield code="a">Distributions on mikovski space and their connection with analytic representations of the conformal group</subfield></datafield><datafield ind1=" " ind2=" " tag="260"><subfield code="a">Trier, Maiserslautern, Fachbereich Physik, 1972. 49 P</subfield></datafield><datafield ind1=" " ind2=" " tag="852"><subfield code="a">36834</subfield></datafield></record></collection>